<?xml version='1.0' encoding='UTF-8'?>
<record xmlns="http://www.loc.gov/MARC21/slim">
  <leader>02422cam a2200457 a 4500</leader>
  <controlfield tag="001">859010</controlfield>
  <controlfield tag="003">NjP</controlfield>
  <controlfield tag="005">20170605130706.0</controlfield>
  <controlfield tag="008">940113s1904    ua            000 0 ara d</controlfield>
  <datafield tag="024" ind1="7" ind2=" ">
    <subfield code="a">princeton_aco003249</subfield>
    <subfield code="2">local</subfield>
  </datafield>
  <datafield ind1=" " ind2=" " tag="035">
    <subfield code="a">(OCoLC)29745540</subfield>
  </datafield>
  <datafield ind1=" " ind2=" " tag="035">
    <subfield code="a">(OCoLC)ocn176345093</subfield>
  </datafield>
  <datafield ind1=" " ind2=" " tag="035">
    <subfield code="a">(OCoLC)176345093</subfield>
  </datafield>
  <datafield ind1=" " ind2=" " tag="035">
    <subfield code="a">(CStRLIN)NJPG94-B2232</subfield>
  </datafield>
  <datafield ind1=" " ind2=" " tag="035">
    <subfield code="9">CAX7384TS</subfield>
  </datafield>
  <datafield ind1=" " ind2=" " tag="035">
    <subfield code="a">(NjP)859010</subfield>
  </datafield>
  <datafield ind1=" " ind2=" " tag="040">
    <subfield code="a">NjP</subfield>
    <subfield code="c">PUL</subfield>
    <subfield code="d">PUL</subfield>
  </datafield>
  <datafield ind1=" " ind2=" " tag="049">
    <subfield code="a">PULL</subfield>
  </datafield>
  <datafield ind1=" " ind2=" " tag="079">
    <subfield code="a">ocm29745540</subfield>
  </datafield>
  <datafield ind1="1" ind2=" " tag="100">
    <subfield code="6">880-01</subfield>
    <subfield code="a">Janbīhī, Muḥammad.</subfield>
  </datafield>
  <datafield ind1="1" ind2="0" tag="240">
    <subfield code="6">880-02</subfield>
    <subfield code="a">Taṣḥīh al-tarjīḥ bayna Muḥammad wa-al-Masīḥ</subfield>
  </datafield>
  <datafield ind1="1" ind2="0" tag="245">
    <subfield code="6">880-03</subfield>
    <subfield code="a">Kitāb taṣḥīh al-tarjīḥ bayna Muḥammad wa-al-Masīḥ /</subfield>
    <subfield code="c">Muḥammad al-Janbīhi. Wa-bi-dhaylihi al-Suʼāl al-ʻajīb fī al-radd ʻalá ahl al-ṣalīb / li-nāẓimihi Aḥmad ʻAlī al-Malījī.</subfield>
  </datafield>
  <datafield ind1=" " ind2=" " tag="250">
    <subfield code="6">880-04</subfield>
    <subfield code="a">al-Ṭabʻah 2.</subfield>
  </datafield>
  <datafield ind1=" " ind2=" " tag="260">
    <subfield code="6">880-05</subfield>
    <subfield code="a">Miṣr :</subfield>
    <subfield code="b">Maṭbaʻat al-Tamaddun,</subfield>
    <subfield code="c">1322 [1904 or 1905]</subfield>
  </datafield>
  <datafield ind1=" " ind2=" " tag="300">
    <subfield code="a">94 p. ;</subfield>
    <subfield code="c">20 cm.</subfield>
  </datafield>
  <datafield ind1=" " ind2="0" tag="650">
    <subfield code="a">Islam</subfield>
    <subfield code="x">Relations</subfield>
    <subfield code="x">Christianity.</subfield>
    <subfield code="0">http://id.loc.gov/authorities/subjects/sh85068406</subfield>
  </datafield>
  <datafield ind1=" " ind2="0" tag="650">
    <subfield code="a">Christianity and other religions</subfield>
    <subfield code="x">Islam.</subfield>
    <subfield code="0">http://id.loc.gov/authorities/subjects/sh85025266</subfield>
  </datafield>
  <datafield ind1="1" ind2="2" tag="700">
    <subfield code="6">880-06</subfield>
    <subfield code="a">Malījī, Aḥmad ʻAlī.</subfield>
    <subfield code="t">Suʼāl al-ʻajīb fī al-radd ʻalá ahl al-ṣalīb.</subfield>
    <subfield code="f">1904.</subfield>
  </datafield>
  <datafield ind1="0" ind2=" " tag="740">
    <subfield code="6">880-07</subfield>
    <subfield code="a">Taṣḥīh al-tarjīḥ bayna Muḥammad wa-al-Masīḥ.</subfield>
  </datafield>
  <datafield ind1="0" ind2=" " tag="740">
    <subfield code="6">880-08</subfield>
    <subfield code="a">Suʼāl al-ʻajīb fī al-radd ʻalá ahl al-ṣalīb.</subfield>
  </datafield>
  <datafield ind1="1" ind2=" " tag="880">
    <subfield code="6">100-01/r</subfield>
    <subfield code="a">جنبيهي، محمد.</subfield>
  </datafield>
  <datafield ind1="1" ind2="0" tag="880">
    <subfield code="6">240-02/r</subfield>
    <subfield code="a">تصحيه الترجيح بين محمد والمسيح</subfield>
  </datafield>
  <datafield ind1="1" ind2="0" tag="880">
    <subfield code="6">245-03/r</subfield>
    <subfield code="a">كتاب تصحيه الترجيح بين محمد والمسيح /</subfield>
    <subfield code="c">محمد الجنبيه. وبذيله السؤال العجيب في الرد على اهل الصليب / لناظمه احمد علي المليجي.</subfield>
  </datafield>
  <datafield ind1=" " ind2=" " tag="880">
    <subfield code="6">250-04/r</subfield>
    <subfield code="a">الطبعة 2.</subfield>
  </datafield>
  <datafield ind1=" " ind2=" " tag="880">
    <subfield code="6">260-05/r</subfield>
    <subfield code="a">مصر :</subfield>
    <subfield code="b">مطبعة التمدن،</subfield>
    <subfield code="c">1322 [1904 or 1905]</subfield>
  </datafield>
  <datafield ind1="1" ind2="2" tag="880">
    <subfield code="6">700-06/r</subfield>
    <subfield code="a">مليجي، احمد علي.</subfield>
    <subfield code="t">سؤال العجيب في الرد على اهل الصليب.</subfield>
    <subfield code="f">1904.</subfield>
  </datafield>
  <datafield ind1="0" ind2=" " tag="880">
    <subfield code="6">740-07/r</subfield>
    <subfield code="a">تصحيه الترجيح بين محمد والمسيح.</subfield>
  </datafield>
  <datafield ind1="0" ind2=" " tag="880">
    <subfield code="6">740-08/r</subfield>
    <subfield code="a">سؤال العجيب في الرد على اهل الصليب.</subfield>
  </datafield>
  <datafield ind1=" " ind2=" " tag="998">
    <subfield code="a">03/29/94</subfield>
    <subfield code="s">9114</subfield>
    <subfield code="n">NjP</subfield>
    <subfield code="w">NJPG94B2232</subfield>
    <subfield code="d">01/13/94</subfield>
    <subfield code="c">KC</subfield>
    <subfield code="b">NBS</subfield>
    <subfield code="i">940329</subfield>
    <subfield code="l">NJPG</subfield>
  </datafield>
  <datafield ind1=" " ind2=" " tag="911">
    <subfield code="a">19940414</subfield>
  </datafield>
  <datafield ind1=" " ind2=" " tag="912">
    <subfield code="a">19940329000000.0</subfield>
  </datafield>
  <datafield ind1=" " ind2=" " tag="994">
    <subfield code="a">C0</subfield>
    <subfield code="b">PUL</subfield>
  </datafield>
  <datafield ind1=" " ind2=" " tag="999">
    <subfield code="a">859010</subfield>
  </datafield>
  <datafield ind1="0" ind2="0" tag="852">
    <subfield code="0">979207</subfield>
    <subfield code="b">rcppa</subfield>
    <subfield code="t">1</subfield>
    <subfield code="h">BP172</subfield>
    <subfield code="i">.J362 1904</subfield>
    <subfield code="x">tr fr anxa</subfield>
  </datafield>
  <datafield ind1=" " ind2=" " tag="959">
    <subfield code="a">2000-06-13 00:00:00 -0400</subfield>
  </datafield>
</record>
